
   @InMediaProceedings{camera_obscura,
      author = "BAKŠTEIN, Zdenek",
      title =  "Camera obscura v praxi",
      journaltitle = "PALADIX foto-on-line",
      url=  "https://www.paladix.cz/clanky/camera-obscura-v-praxi.html",
      notes = "Poslední modifikace 20.4.2005. [cit. 04.01.2017]. ISSN 1213-5704.",
      howpublished = "online",
   }
    
   @InMediaProceedings{obrazky_historie,
      author = "ŠEVELOVÁ, Irena and TICHÁ, Anna",
      title =  "Historie fotoaparátu a fotografie",
      journaltitle = "Digimanie",
      url=  "http://www.digimanie.cz/historie-fotoaparatu-a-fotografie/1815",
      notes = "oXy Online, 2007. Poslední modifikace 29.3.2007. [cit. 04.01.2017]. ISSN 1214-2190.",
      howpublished = "online",
   }
   
     @InMediaProceedings{obrazek_prvni,
      author = "PHILLIPS, Ian",
      title = "The first photograph ever taken was almost lost to history",
      journaltitle = "Insider",
      url=  "http://www.thisisinsider.com/first-photograph-in-history-2016-8",
      notes = "Poslední modifikace: 19.8.2016. [cit. 04.01.2017].",
      howpublished = "online",
   }
    
     @InMediaProceedings{obrazek_barev_prvni,
      author = "JONES, Josh",
      title = "Behold the Very First Color Photograph (1861): Taken by Scottish Physicist (and Poet!) James Clerk Maxwell",
      journaltitle = "Open Culture",
      url=  "http://www.openculture.com/2016/08/the-very-first-color-photograph-1861.html",
      notes = "Poslední modifikace: 22.8.2016 . [cit. 05.01.2017].",
      howpublished = "online",
   }
    
   @InMediaProceedings{prvni_digi,
	  author = "TRENHOLM, Richard",
	  title="Photos: The history of the digital camera",
	  journaltitle="CNET",
      url=  "https://www.cnet.com/news/photos-the-history-of-the-digital-camera/",
      notes = "San Francisco: CBS Interactive, 2007. Poslední modifikace: 5.11.2007. [cit. 05.01.2017].",
      howpublished = "online",
	}
    
     @Book{digi_foto_book,
		author = "LINDER, Pert and MYŠKA, Miroslav and TŮMA, Tomáš",
		title = "Velká kniha digitální fotografie",
		publisher = "Computer Press",
		address = "Brno",
		year = "2004",
		edition = "2. vydání",
		pages = "272",
		isbn = "80-251-0013-8",
        notes = "[cit. 05.01.2017]."
	}
    
       @InMediaProceedings{pixely,
	  author = "KASÍK, Pavel",
	  title="Více megapixelů, lepší fotky? Ne, je to marketingový švindl, varují experti",
	  journaltitle="Technet.cz",
      url=  "https://goo.gl/IelELn",
      notes = "Praha: MAFRA, 2010. Poslední modifikace: 4.2.2010. [cit. 05.01.2017].",
      howpublished = "online",
	}        
        
    @InMediaProceedings{maska_barva,
	  title="JAK VZNIKÁ DIGITÁLNÍ FOTOGRAFIE",
	  journaltitle="Můj Olympus",
	  publisher="OLYMPUS CZECH GROUP s.r.o",
      address = "Praha",
      url=  "http://www.mujolympus.cz/blog/tipy-a-triky/46/jak-vznika-digitalni-fotografie",
      notes = "Praha: OLYMPUS CZECH GROUP, 2015. Poslední modifikace: 16.4.2015. [cit. 05.01.2017].",
      howpublished = "online",
	}
    
       @InMediaProceedings{IZG_opora,
	  author = "ŠPANĚL, Michal",
	  title="Základy počítačové grafiky ",
	  subtitle="Úvod do předmetu",
      address = "Brno",
      url=  "https://www.fit.vutbr.cz/study/courses/IZG/private/lecture/izg_slide_uvod_print.pdf",
      notes = "Brno: FIT VUT, 2016. [cit. 06.01.2017].",
      howpublished = "online",
	}
    
     @OnlineWeb{rastr_vektr,
      author = "BUKVIČKA, Tomáš",
      title = "Vektorová a rastrová grafika",
      cited = "06.01.2017",
      url=  "http://studium.vos-sps-jicin.cz/svg/data/vektorova_a_rastrova_grafika.php",
   }
    
     @InMediaProceedings{rastr_vektr_obr,
	  author = "DLarson",
	  title="Raster vs. Vector ",
	  subtitle="Do you know the difference?",
      journaltitle="Signs ‘n Such",
      url=  "http://www.signsnsuch.com/2015/11/raster-vs-vector/",
      notes = "Kanada, 2015. Poslední modifikace: 27.11.2015 [cit. 06.01.2017].",
      howpublished = "online",
	}
    
     @InMediaProceedings{rgb_monitor,
	  author = "PIHAN, Roman",
	  title="VŠE O SVĚTLE - 5. BAREVNÉ MODELY",
      journaltitle="FotoRoman",
      url=  "http://fotoroman.cz/tech2/svetlo05color_model.htm",
      notes = "2012. [cit. 07.01.2017].",
      howpublished = "online",
	}
    
     @OnlineWeb{barvy,
      title = "Barevný model, barevný prostor",
      cited = "07.01.2017",
      url=  "http://www.modulweb.cz/download/fragmenty/kurz/HTML/9/default.htm",
   }
    
    @InMediaProceedings{datove_formaty_web,
	  author = "PIHAN, Roman",
	  title="Formáty pro ukládání fotek",
      journaltitle="Digimanie",
      url=  "http://www.digimanie.cz/theme_doc-5C4E0508DD42B6A2C12573AA003E0E89.html",
      notes = "oXy Online, 2007/2008.  [cit. 08.01.2017]. ISSN 1214-2190.",
      howpublished = "online",
	}
    
       @Book{digi_foto_book2,
		author = "TŮMA, Tomáš",
		title = "Fotografujeme digitálně",
		publisher = "Computer Press",
		address = "Brno",
		year = "2004",
		pages = "136",
		isbn = "80-251-0153-3",
        notes = "[cit. 08.01.2017]."
	}
       @InMediaProceedings{JPEG2000,
      author = "ARCHAMBAULT, Michael",
      title =  "JPEG 2000: The Better Alternative to JPEG That Never Made it Big",
      journaltitle = "PetaPixel",
      url=  "http://petapixel.com/2015/09/12/jpeg-2000-the-better-alternative-to-jpeg-that-never-made-it-big/",
      notes = "Poslední modifikace 12.9.2015. [cit. 08.01.2017].",
      howpublished = "online",
   }  
   
     @OnlineWeb{AdobeBridge,
      title = "Bridge CC: Všechny vaše kreativní soubory na jednom místě",
      url=  "http://www.adobe.com/cz/products/bridge.html",
      year ="2017.",
      address = "San Jose (USA)",
      publisher = "Adobe Systems Incorporated",
      cited ="26.01.2017"
   }

    
       @InMediaProceedings{RAW1,
      author = "PIHAN, Roman",
      title =  "Vše o formátu RAW – 1.díl",
      journaltitle = "Digimanie",
      url=  "http://www.digimanie.cz/vse-o-formatu-raw-1dil/2182",
      notes = "oXy Online, 2008. Poslední modifikace 19.3.2008. [cit. 10.02.2017]. ISSN 1214-2190.",
      howpublished = "online",
   }
    
    
     @InMediaProceedings{RAW2,
      author = "PIHAN, Roman",
      title =  "Vše o formátu RAW – 2.díl",
      journaltitle = "Digimanie",
      url=  "http://www.digimanie.cz/vse-o-formatu-raw-2dil/2191",
      notes = "oXy Online, 2008. Poslední modifikace 26.3.2008. [cit. 10.02.2017]. ISSN 1214-2190.",
      howpublished = "online",
   }
    
     @InMediaProceedings{RAW_celkove,
      author = "HONSNEJMAN, Petr",
      title =  "RAW formát",
      journaltitle = "moje Tajemno",
      url=  "http://moje.tajemno.net/raw/",
      notes = "Česká Lípa: 2016. Poslední modifikace 9.2.2016. [cit. 10.02.2017].",
      howpublished = "online",
   }
   
     @OnlineWeb{EXIV_standart,
      title = "Exchangeable image file format for digital still cameras: Exif Version 2.31",
      url=  "http://www.cipa.jp/std/documents/e/DC-008-Translation-2016-E.pdf",
      year ="2016.",
      address = "Tokyo",
      publisher = "Camera \& imaging Products Association",
      cited ="15.02.2017"
   }
   
    
      @InMediaProceedings{EXIV_remove,
      author = "LEE, Joel",
      title =  "3 Ways To Remove EXIF MetaData From Photos (And Why You Might Want To)",
      url=  "http://www.makeuseof.com/tag/3-ways-to-remove-exif-metadata-from-photos-and-why-you-might-want-to/",
      notes = "Colchester: MakeUseOf, 2016. Poslední modifikace 20.10.2016. [cit. 15.02.2017].",
      howpublished = "online",
   }
    
     @OnlineWeb{EXIV_knihovna,
      author = "HUGGEL, Andreas",
      title = "Image metadata library and tools",
      url=  "http://www.exiv2.org/",
      year= "Poslední modifikace: 13.10.2015.",
      cited = "15.02.2017",
   }
   
        @OnlineWeb{Phototheca,
      title = "Phototheca 2",
      url=  "https://lunarship.com/",
      year ="2017. Poslední modifikace: 12.02.2017.",
      publisher = "Lunarship Software",
      cited ="18.02.2017"
   }
   
      @OnlineWeb{Daminion,
      title = "Simple Digital Asset Management Software for Teams",
      url=  "http://daminion.net/",
      year ="2017.",
      address = "Seattle",
      publisher = "Daminion Software",
      cited ="25.02.2017"
   }
   
     @OnlineWeb{EDF,
      title = "Easy Duplicate Finder",
      url=  "https://www.easyduplicatefinder.com/",
      year ="2017. Poslední modifikace: 02.03.2017.",
      address = "Fort Myers (USA)",
      publisher = "WebMinds",
      cited ="05.03.2017"
   }
   
    @OnlineWeb{Qt,
      title = "The future is written with Qt",
      url=  "https://www.qt.io/",
      year ="2017.",
      address = "Santa Clara (USA)",
      publisher = "The Qt Company",
      cited ="10.03.2017"
   }
   
    
    @InMediaProceedings{Haversine,
      author = "{Doctor Rick}",
      title =  "Deriving the Haversine Formula",
      journaltitle = "Ask Dr. Math",
      url=  "http://mathforum.org/library/drmath/view/51879.html",
      notes = "Swarthmore: The Math Forum, 1999. [cit. 15.04.2017].",
      howpublished = "online",
   }
    
     @InMediaProceedings{WHYHaversine,
      author = "VENESS, Chris",
      title =  "Calculate distance, bearing and more between Latitude/Longitude points",
      journaltitle = "Movable Type Scripts",
      url=  "http://www.movable-type.co.uk/scripts/latlong.htm",
      notes = "Cambridge: Movable Type, 2016. [cit. 15.04.2017].",
      howpublished = "online",
   }
   
       @InMediaProceedings{obraz_mat,
	  author = "FIALA, Radek",
	  title="Digitální obrazový záznam",
      url=  "http://old.gis.zcu.cz/projekty/Geomatika_multimedialne/FGM/fgm-digitalni_obraz.pdf",
      notes = "Plzeň: Západočeská univerzita, 2011. [cit. 13.05.2017].",
      howpublished = "online",
	}
   
   
   
   
   
   
   
   
   
   
   
   
   
   
   
   
   
   
   